@inbook{augusto,
    author = "Augusto Salazar",
    title = {Taller - Nociones de la memoria del computador},
    keywords = "memoria, computador"
}

@online{ecured,
    title = {Memoria (informática)},
    author = {Anónimo},
    url  = "https://www.ecured.cu/Memoria\_(inform\'atica)",
    keywords = "memoria,inform\'atica"
}

@online{concepto,
    title = {Concepto de memoria caché},
    author = {María Estela Raffino},
    url  = "https://concepto.de/memoria-cache/",
    keywords = "memoria,inform\'atica,cache"
}

@online{hardzone,
    title = {¿Qué influye mas en la memoria RAM para jugar, la frecuencia o la latencia?},
    author = {Rubén Velasco},
    url  = "https://hardzone.es/reportajes/comparativas/latencia-velocidad-ram-jugar/",
    keywords = "memoria,latencia,velocidad, rapidez,frecuencia"
}

@online{computer,
    title = {Latencia vs. megahercios, ¿qué es más importante al elegir la RAM para tu PC?},
    author = {Rubén Andrés},
    url  = "https://computerhoy.com/reportajes/tecnologia/latencia-vs-megahercios-importante-elegir-ram-pc-420979",
    keywords = "memoria,latencia,velocidad, rapidez,frecuencia"
}